7750 4250
1324 682 2941 738 cantica. Laus illi et gloria. Iohannis euange
1306 832 2924 888 liste precelsa sollemnitas. Hodie per to
1318 985 2924 1032 tum mundum laudes habet debitas. Et
1312 1132 2900 1180 laudum preconia. Qui uocatus patrem
1312 1267 2921 1309 spreuit et nauem et retia. Redemptoris vo
1303 1414 2891 1444 cem seques post uocem uestigia. O quan
1280 1570 2933 1606 ta fiducia. In monte transfigurati uidit mi
1282 1702 2900 1738 rabilia. In cena secreta Dei didicit subli
1285 1844 2903 1874 mia. O quanta magnalia. In cruce dum
1291 1982 2906 2018 pateretur rex mortis supplicia. Virgi
1280 2105 2927 2147 nem uirgo seruandam sumpsit in custodia.
1282 2250 2874 2285 O clara pudicitia. Post assumptionem
1285 2367 2941 2418 eius ad supernam curiam. Beatus euangelista
1268 2482 2912 2533 mittitur ad asiam. Summa prouidentia.
1147 2623 2983 2656 Hunc ante portam latinam ad Rome spectacu
1294 2741 2950 2791 la. Oleum feruens non lesit quam pulcra mi
1294 2873 2977 2921 racula. Et clara uictoria. Propter insupe
1297 3008 2968 3059 rabilem eloquii constantiam. Domiciani ce
1285 3167 3021 3212 saris raptus per iracundiam. Dira subiit exilia
