7750 4250
3631 572 5124 735 pheta preco lucerna atque plusque pro
3627 720 5086 892 pheta. In lucida nos pone uia mundans
3641 858 5061 1016 nostra corpora. Apostolorum princeps atque
3627 1000 5097 1165 cuncta iuncta caterua. Iam corrobora ue
3639 1161 5075 1300 ra in doctrina plebis pectora. Stepha
3636 1300 5070 1435 ne gloriose rutilans in corona sanctorumque
3633 1429 5130 1562 martirum turba ualida. Fortia date corda
3637 1571 5144 1700 corpora eque firma sacra ut hostem uincant
3642 1709 5148 1826 rite spicula. Martine inclite et presulum
3624 1857 5136 1965 omnis caterua. Suscipe nunc pia modo nostra
3637 2004 5173 2100 clemens precata. Regina uirginum pre maxima
3642 2140 5118 2245 tu mater incorrupta uirgo et grauida. Sa
3661 2296 5079 2374 crata Domino et castitas nostras seruans ani
3664 2425 5127 2500 mas mundaque corpora. Monarchorum ueneran
3676 2561 5163 2633 da suffragia. Omniumque sanctorum contubernia
3674 2690 5139 2750 per precata assidua nostra gubernent tem
3695 2844 5185 2898 pora. Nosque ducant ad supera polorum uera
3683 2994 5182 3063 gaudia. Sub iungant pium omnia amen
3701 3145 5094 3214 redempta. S. In. dominicis. diebus.
