7750 4250
1680 664 3235 749 Stans a longe aeuia. Qui plurima
1884 830 3230 885 perpetraret facinora. Atque sua se
1645 945 3243 1005 cum reuoluens crimina. Nolebat alta celi
1658 1082 3248 1159 contemplari sidera. Sed pectus tundens
1651 1221 3265 1271 hec promebat ore lacrimoso. Deus propi
1659 1340 3285 1395 cius michi peccatori esto. Et mea omnia pius
1656 1479 3302 1532 dele facinora. Hac uoce benignam promeru
1667 1613 3298 1673 it clementiam. Nec non et iustificatus uenit do
1668 1756 3298 1809 mum suam. Cuius nos sacra sectantes exem
1668 1914 3309 1983 pla dicamus Deo. Deus benigne nostri miserere
1676 2058 3202 2120 laxans debita. Mitis et nos iustificans.
1684 2175 3302 2244 Voce iubilantes magna. ae uia.
1677 2327 3339 2393 Regi summo deuote per eterna. Persone
1669 2483 3358 2552 mus maxima laudum uota. Celum terraque nec
1667 2633 3331 2689 non sol et omnia etherea. Tellus sidera mare
1666 2765 3333 2824 ignis fontesque et flumina. Laude semper sacra
1686 2913 3362 2984 nunc et studeant in supprema. Gratulando Christi
1663 3055 3333 3124 tunc personare magnalia. Maiestas cuius est
1667 3195 3344 3248 unica decenter in poli agmina. Quem laudat
3484 648 5047 766 agmina canentes propria potenter armi
3487 775 5112 885 na. Cui proclamant sanctus sanctus sanctus
3487 907 5063 992 Deus osanna. Qui semper regnas cum lu
3482 1014 5079 1103 ce clara ouans trophea. Aurem tuam pre
3493 1128 5050 1241 be et cuncta. Dele supplicamur delicta. Et
3503 1286 4746 1386 te collaudemur in secula.
3503 1393 5029 1508 De profundis expremens humana clamat
3501 1543 5061 1646 ab alto. De tenebris splendida rogans. Exa
3498 1673 5063 1776 udi iam preces et carmina. Quibus promittis
3504 1811 5076 1903 tis et anxia. Heu michi quanta commissa celi
3484 1954 5097 2067 in grauia. Multa pro ei misella nimis suplica.
3511 2076 5068 2178 Atque nos actorum clemens reuoca. Dic pre sta
3514 2224 5079 2308 mus cunctis uita. Unde tibi gracias refe
3514 2359 4819 2433 rat cuncta plebs per secula fiat fiat. sequitur
3533 2504 4557 2563 Fecunda uerbo tu uirginum sancte Marie
3521 2644 5071 2687 uirgo Maria Dei mater inclita omni laude. Tu
3544 2774 5089 2809 sola digna dignare nos indignos famulos te la
3528 2899 5110 2960 udare. Regina celi. Mediatrix mediatoris. Tu
3534 3036 5055 3087 genetrix. In qua Deo iunctus est homo. Deus
3536 3161 5079 3212 homini. Unius tria sunt facta Trinitatis o
