7750 4250
1433 610 3090 689 Sollempnitas sancti Pauli deuote est recolenda.
1384 764 3104 840 Quem Dominus tanta ditauit gratia. Ut doctor gen
1450 890 3123 972 tium ab omni uocetur ecclesia. Agnus de lu
1455 1041 3110 1101 po de persecutore euangelista. Mutata sunt
1442 1178 3132 1252 opera mutatur et omnia. Paulus nominatur qui
1444 1335 3100 1381 Saulus ante dictus fuerat. Instigatus furia
1450 1464 3139 1521 dirum uirus efflabat strage seuissima membra
1444 1596 3067 1653 Christi seuiens torquebat. Lux etherea quem
1444 1747 3100 1796 circumfulgens uisu priuat. Spiritualem sed ei
1436 1914 3103 1953 intuitum donat. Colafisans eum ne superbiat.
1450 2046 3111 2076 Sternit eum sed ruentem releuat. Deiec
1439 2203 3081 2235 tum increpat. Increpans emendat fidei doc
1436 2351 3100 2384 trinam commendat. Defensorem ecclesie ordi
1447 2491 3125 2537 nat. Impugnator qui prius extiterat. Secreta
1436 2658 3158 2702 mistica. Credendi reuelat que homini loqui
1441 2790 3197 2867 non licebat. Prius sinagoga quem educauerat.
1342 2941 3161 3004 Post modum letatur matre ecclesia misteria
1452 3100 3067 3147 que nouerat per totum iens orbem predicat.
1385 3233 3104 3293 Uenit Romam Deum unum adnuntians. Nero re
3348 639 4956 731 ristit qui colebat idola. Morte dira illum ne
3348 767 4898 881 cat mundo exemptum mittat ad astra. Quo nos
3337 906 4971 1012 Deus miserando perducat. Adiutos prece Pau
3341 1034 5132 1129 li sancta. aeuia. S. in dominicis diebus in aduentum Domini
3380 1198 4807 1272 Salus eterna indeficiens mundi uita.
3387 1333 4986 1411 Lux sempiterna et redemptio uere nostra. Con
3362 1461 4960 1535 dolens humana perire secla per temptantis numi
3351 1600 4997 1659 na. Non linquens excelsa adisti ima propria
3376 1735 5055 1809 clementia. Mox tua spontanea gratia assumens
3376 1878 4982 1952 humana. Que fuerant perdita omnia saluasti ter
3377 2039 5008 2072 rea. Ferens mundo gaudia. Tu animas et cor
3396 2189 5015 2226 pora. Nostra Christe expia. Ut possideas lucida.
3392 2331 5008 2365 Nosmet habitacula. Aduentu primo ius
3410 2474 4956 2511 tifica. In secundo nosque libera. Ut cum fac
3399 2638 5004 2668 ta luce magna iudicabis omnia. Compti stola
3414 2763 4945 2796 incorrupta nosmet tua subsequamur mox
3403 2905 5019 2939 uestigia quocumque uisa. S. Johis apt lat.
3395 3022 5490 3107 Virgo mater gratul in orbe catholica. Re
3425 3194 4967 3231 gi regum pangat melos noua promens
