7750 4250
1880 665 3409 725 pera in carne de te sumpta. Angelus ne cadat
1887 814 3424 874 homo lapsus hinc ut redeat temptator ne
1882 952 3430 1009 resurgat. Se similans altissimo iam nec par est
1885 1073 3421 1138 infimo redemptus quia uiuit homo. Inmortaliter
1876 1201 3417 1280 mortuus sed est mendax spiritus quem strangulat
1862 1344 3416 1412 uentris tui fructus. Ad nos uite reparat an
1850 1479 3370 1539 gelum firmat in se quos unus sociat. Ergo
1832 1601 3385 1667 omnium domina filium placa supplices tuos
1819 1733 3397 1798 adiuua. Per quem solam solus omnibis ui
1827 1876 2612 1917 tam dat saluandis. Translatio Martini
1841 2011 3385 2078 Aue summa presulum egia o Christi gemma
1818 2130 3379 2210 meritis inclita uirtute lucida. Nos au
1816 2268 3416 2341 di tua festa colentes annua mundo celebri
1816 2423 3447 2486 a. Alme pater uox nostra te canit laude sonoras.
1846 2572 3439 2641 Tu pro nobis spes nostra Martine Deo supplica.
1849 2707 3400 2770 Te asia notum in europa laudat omnis et a
1836 2847 3366 2905 frica gemma celi fulgidissima. Te gallia te
1815 3010 3387 3056 patrem francia tua supplex ac fresia colit
1841 3169 3383 3207 te fide catholica. Cecis das uiam mutisque
3573 624 5063 715 loquelam tu nos adiuua. Mundans immun
3569 775 5110 873 da qui fugas demonia nos hinc libera. Qui
3578 912 5039 1003 suscitator trium mortuorum fueras laxa
3575 1056 5089 1147 nostre mentis uincula. Qui infirma iam cu
3561 1204 5094 1272 rasti corporum plurima sana nostre mentis uul
3556 1330 5129 1409 nera. Qui Christum tua clamide partita tectum
3575 1448 5068 1534 uidisti nocte secunda. Hac prece tua cri
3551 1589 5094 1666 minum iam solue nobis debita Christi gratia. La
3556 1719 5037 1799 us tua Christus erat quem tota mente semper
3555 1887 5108 1926 colebas. Hunc pro nobis implora. Quo lapsis
3559 2038 5079 2072 remedia tribuat prestans culpis ueniam hoc
3569 2167 5094 2202 precibus impetra. Lux super te effulsit an
3559 2314 5108 2356 gelica dum libas mistica nos per protegat Christi
3564 2467 5131 2509 dextera. Mortis metam qui tuis predixeras
3564 2614 5070 2662 nil mortem trepidans a morte anime nos sub
3559 2736 5134 2790 leua. Traiecti te chorus flagittat o Martine
3578 2878 5106 2941 presulem cum clero Deo commenda. Per tua nos
3571 3027 5120 3087 ut suffragia mereamur perfrui iam tecum lu
3578 3173 5094 3236 ce superna. Conuersio Sancti Pauli.
